<?xml version="1.0" encoding="UTF-8"?><record xmlns="http://www.loc.gov/MARC21/slim" xmlns:cinclude="http://apache.org/cocoon/include/1.0" xmlns:zs="http://www.loc.gov/zing/srw/">
  <leader>00383cz  a2200121n  4500</leader>
  <controlfield tag="001">n  93119647 </controlfield>
  <controlfield tag="003">DLC</controlfield>
  <controlfield tag="005">19931210121313.9</controlfield>
  <controlfield tag="008">931209n| acannaab|          |n aaa |||  </controlfield>
  <datafield tag="010" ind1=" " ind2=" ">
    <subfield code="a">n  93119647 </subfield>
  </datafield>
  <datafield tag="040" ind1=" " ind2=" ">
    <subfield code="a">DLC</subfield>
    <subfield code="c">DLC</subfield>
    <subfield code="d">DLC</subfield>
  </datafield>
  <datafield tag="100" ind1="1" ind2="0">
    <subfield code="a">Sailler, Ronald M.</subfield>
  </datafield>
  <datafield tag="670" ind1=" " ind2=" ">
    <subfield code="a">His The practice of wisdom, c1992:</subfield>
    <subfield code="b">t.p. (Ronald M. Sailler) jkt. (president of Executive Chem-Dry; lives in Shawnee, Kan.)</subfield>
  </datafield>
</record>